@book{Russell_2009,
    abstract = {{In this third edition, the authors have updated the treatment of all major areas. A new organizing principle--the representational dimension of atomic, factored, and structured models--has been added. Significant new material has been provided in areas such as partially observable search, contingency planning, hierarchical planning, relational and first-order probability models, regularization and loss functions in machine learning, kernel methods, Web search engines, information extraction, and learning in vision and robotics. The book also includes hundreds of new exercises.}},
    author = {Russell, Stuart and Norvig, Peter},
    citeulike-article-id = {7119973},
    citeulike-linkout-0 = {http://www.amazon.ca/exec/obidos/redirect?tag=citeulike09-20\&amp;path=ASIN/0136042597},
    citeulike-linkout-1 = {http://www.amazon.de/exec/obidos/redirect?tag=citeulike01-21\&amp;path=ASIN/0136042597},
    citeulike-linkout-10 = {http://www.worldcat.org/oclc/359890490},
    citeulike-linkout-2 = {http://www.amazon.fr/exec/obidos/redirect?tag=citeulike06-21\&amp;path=ASIN/0136042597},
    citeulike-linkout-3 = {http://www.amazon.jp/exec/obidos/ASIN/0136042597},
    citeulike-linkout-4 = {http://www.amazon.co.uk/exec/obidos/ASIN/0136042597/citeulike00-21},
    citeulike-linkout-5 = {http://www.amazon.com/exec/obidos/redirect?tag=citeulike07-20\&path=ASIN/0136042597},
    citeulike-linkout-6 = {http://www.worldcat.org/isbn/0136042597},
    citeulike-linkout-7 = {http://books.google.com/books?vid=ISBN0136042597},
    citeulike-linkout-8 = {http://www.amazon.com/gp/search?keywords=0136042597\&index=books\&linkCode=qs},
    citeulike-linkout-9 = {http://www.librarything.com/isbn/0136042597},
    day = {11},
    edition = {3},
    howpublished = {Hardcover},
    isbn = {0136042597},
    keywords = {ai, phd},
    month = dec,
    posted-at = {2011-08-22 13:52:29},
    priority = {0},
    publisher = {Prentice Hall},
    title = {{Artificial Intelligence: A Modern Approach (3rd Edition)}},
    url = {http://www.amazon.com/exec/obidos/redirect?tag=citeulike07-20\&path=ASIN/0136042597},
    year = {2009}
}, 
@book{Liao,
 author = {Liao, Beishui},
 title = {Efficient Computation of Argumentation Semantics},
 year = {2014},
 isbn = {0124104061, 9780124104068},
 edition = {1st},
 publisher = {Academic Press},
} 
