@Inbook{Atkinson2006,
author={Atkinson, Katie
and Bench-Capon, Trevor
and Modgil, Sanjay},
editor={Bressan, St"\'e"phane
and K"ung, Josef
and Wagner, Roland},
chapter={Argumentation for Decision Support},
title={Database and Expert Systems Applications: 17th International Conference, DEXA 2006, Krak{\'o}w, Poland, September 4-8, 2006. Proceedings},
year={2006},
publisher={Springer Berlin Heidelberg},
address={Berlin, Heidelberg},
pages={822--831},
isbn={978-3-540-37872-3},
doi={10.1007/11827405_80},
url={http://dx.doi.org/10.1007/11827405_80}
},

@inproceedings{tdd,
 author = {Fraser, Steven and Beck, Kent and Caputo, Bil and Mackinnon, Tim and Newkirk, James and Poole, Charlie},
 title = {Test Driven Development (TDD)},
 booktitle = {Proceedings of the 4th International Conference on Extreme Programming and Agile Processes in Software Engineering},
 series = {XP'03},
 year = {2003},
 isbn = {3-540-40215-2},
 location = {Genova, Italy},
 pages = {459--462},
 numpages = {4},
 url = {http://dl.acm.org/citation.cfm?id=1763875.1763973},
 acmid = {1763973},
 publisher = {Springer-Verlag},
 address = {Berlin, Heidelberg},
} 
