@article{dung1995,
title = {On the acceptability of arguments and its fundamental role in nonmonotonic reasoning, logic programming and n-person games},
journal = {Artificial Intelligence},
volume = {77},
number = {2},
pages = {321 - 357},
year = {1995},
note = {},
issn = {0004-3702},
doi = {http://dx.doi.org/10.1016/0004-3702(94)00041-X},
url = {http://www.sciencedirect.com/science/article/pii/000437029400041X},
author = {Phan Minh Dung},
keywords = {Argumentation},
keywords = {Nonmonotonic reasoning},
keywords = {Logic programming},
keywords = {n-person games},
keywords = {The stable marriage problem}
}
