@INPROCEEDINGS{hunter,
author={Hunter, A. and Williams, M.},
  booktitle={Tools with Artificial Intelligence (ICTAI), 2010 22nd IEEE International Conference on}, 
 title={Argumentation for Aggregating Clinical Evidence}, 
  year={2010},
  volume={1},
  pages={361-368},
  keywords={health care;knowledge representation;medical computing;clinical evidence aggregation;clinical evidence argumentation;evidence-based decision making;knowledge representation;knowledge synthesis;Aggregates;Breast cancer;Clinical trials;Ontologies;Pregnancy;Proposals;Decision-support systems;Evidence-based medicine;Knowledge aggregation;Logical argumentation},
  doi={10.1109/ICTAI.2010.59},
  ISSN={1082-3409},
month={Oct},}

