@article{Modgil2009,
title = "Reasoning about preferences in argumentation frameworks",
journal = "Artificial Intelligence",
volume = "173",
number = "9â€“10",
pages = "901--934",
year = "2009",
issn = "0004-3702",
doi = "http://dx.doi.org/10.1016/j.artint.2009.02.001",
url = "http://www.sciencedirect.com/science/article/pii/S0004370209000162",
author = "Sanjay Modgil",
}

