@online{moscow, 
	title={Prioritization using MoSCoW}, 
	url={http://www.allaboutagile.com/prioritization-using-moscow/}, 
	publisher={All about Agile},
	author={Walters, Kelly},
	year={2009}, month={Jan},
	note={Last access: Aug 7, 2016},
	howpublished = "All about agile: \url{http://www.allaboutagile.com/prioritization-using-moscow/}",
	}
