@article{Reiter1980,
title = {A logic for default reasoning},
journal = {Artificial Intelligence},
volume = "13",
number = "1â€“2",
publisher ={Morgan Kaufmann},
pages = {81 - 132},
year = {1980},
note = "Special Issue on Non-Monotonic Logic ",
issn = "0004-3702",
doi = "http://dx.doi.org/10.1016/0004-3702(80)90014-4",
author = {Reiter, R}
},

@INPROCEEDINGS{parsons2000, 
author={L. Amgoud and N. Maudet and S. Parsons}, 
booktitle={MultiAgent Systems, 2000. Proceedings. Fourth International Conference on}, 
title={Modelling dialogues using argumentation}, 
year={2000}, 
pages={31-38}, 
keywords={game theory;inference mechanisms;interactive systems;multi-agent systems;trees (mathematics);MacKenzie dialogue game;argumentation;dialogue modeling;dialogue trees;multiple agent systems;negotiation dialogues;propositional reasoning;Computer science;Educational institutions;Multiagent systems;Spine}, 
doi={10.1109/ICMAS.2000.858428}, 
month={},},


@book{Walton1995,
	title = {Commitment in Dialogue: Basic Concepts of Interpersonal Reasoning},
	publisher = {State University of New York Press},
	author = {Douglas, Walton and Krabbe, Erik C. W.},
	year = {1995}
}