@phdthesis{Doe11,
  title={The Title},
  author={Doe, J.},
  year={2011},
  school={University of Mars}
},

@article{JohSil05,
  title={EbayesThresh: R programs for Empirical Bayes Thresholding},
  author={Johnstone, I.M. and Silverman, B.W.},
  journal={Journal of Statistical Software},
  volume={12},
  number={8},
  pages={1--38},
  year={2005}
},

@book{Joh11,
    title = {Gaussian estimation: Sequence and multiresolution models},
    author = {Johnstone, Ian M.},
    year = {2011},
},

@inproceedings{sassoon2014,
  title={Towards Argumentation for Statistical Model Selection.},
  author={Sassoon, Isabel and Keppens, Jeroen and McBurney, Peter},
  booktitle={COMMA},
  pages={67--74},
  year={2014}
},

@inproceedings{sassoon2016,
	title={Incorporating preferences and argumentation schemes for statistical model selection},
	author={Sassoon, Isabel and Keppens, Jeroen and McBurney, Peter},
    year = {2014},
},