@inproceedings{sassoon2014,
  title={Towards Argumentation for Statistical Model Selection.},
  author={Sassoon, Isabel and Keppens, Jeroen and McBurney, Peter},
  booktitle={COMMA},
  pages={67--74},
  year={2014}
},

@unpublished{sassoon2016,
	title={Incorporating preferences and argumentation schemes for statistical model selection},
	author={Sassoon, Isabel and Keppens, Jeroen and McBurney, Peter},
  	note={[unpublished]}
},

@inproceedings{sassoon2016CD,
	title={Preferences in argumentation for statistical model selection},
	author={Sassoon, Isabel and Keppens, Jeroen and McBurney, Peter},
	booktitle={COMMA},
	year ={2016},
	note={[published in September 2016]}
},
	
	
@article{survivalAnalysis,
	Author = {Abraira, V{\'\i}ctor and Muriel, Alfonso and Emparanza, Jos{\'e}I. and Pijoan, Jos{\'e}I. and Royuela, Ana and Plana, Mar{\'\i}a Nieves and Cano, Alejandra and Urreta, Iratxe and Zamora, Javier},
	Booktitle = {Journal of Clinical Epidemiology},
	Doi = {10.1016/j.jclinepi.2013.06.009},
	Isbn = {0895-4356},
	Journal = {Journal of Clinical Epidemiology},
	M3 = {doi: 10.1016/j.jclinepi.2013.06.009},
	Month = {July},
	Year = {2016},
	Number = {12},
	Pages = {1340--1346},
	Publisher = {Elsevier},
	Title = {Reporting quality of survival analyses in medical journals still needs improvement. A minimal requirements proposal},
	Ty = {JOUR},
	Volume = {66}
}
