@article{prakken1997,
author = { Henry   Prakken  and  Giovanni   Sartor },
title = {Argument-based extended logic programming with defeasible priorities},
journal = {Journal of Applied Non-Classical Logics},
volume = {7},
number = {1-2},
pages = {25-75},
year = {1997},
doi = {10.1080/11663081.1997.10510900}
}


